<record xmlns="http://www.loc.gov/MARC21/slim">
    <leader>     nam a22     5i 4500</leader>
    <controlfield tag="001">W3CN21529</controlfield>
    <controlfield tag="008">^^^^^^s2018^^^^cc^^^^^^^^^^^|||||||tib^d</controlfield>
    <datafield tag="020" ind1=" " ind2=" ">
        <subfield code="z">9787570002290</subfield>
    </datafield>
    <datafield tag="040" ind1=" " ind2=" ">
        <subfield code="a">MaCbTBRC</subfield>
        <subfield code="c">MaCbTBRC</subfield>
    </datafield>
    <datafield tag="245" ind1="0" ind2="0">
        <subfield code="6">880-01</subfield>
        <subfield code="a">rgyan gyi bstan bcos dbyangs can ngag gi rol mtsho/</subfield>
        <subfield code="h">[electronic resource].</subfield>
    </datafield>
    <datafield tag="246" ind1="1" ind2="3">
        <subfield code="a">诗镜注释妙音戏海</subfield>
    </datafield>
    <datafield tag="880" ind1="0" ind2="0">
        <subfield code="6">245-01</subfield>
        <subfield code="a">རྒྱན་གྱི་བསྟན་བཅོས་དབྱངས་ཅན་ངག་གི་རོལ་མཚོ།</subfield>
    </datafield>
    <datafield tag="260" ind1=" " ind2=" ">
        <subfield code="a">Lha sa :</subfield>
        <subfield code="b">Bod ljongs bod yig dpe rnying dpe skrun khang ,</subfield>
        <subfield code="c">2018</subfield>
    </datafield>
    <datafield tag="300" ind1=" " ind2=" ">
        <subfield code="a">7, 6, 24, 713 p.</subfield>
    </datafield>
    <datafield tag="490" ind1="0" ind2=" ">
        <subfield code="a">gangs can rig mdzod/</subfield>
        <subfield code="v">; 2</subfield>
    </datafield>
    <datafield tag="506" ind1=" " ind2=" ">
        <subfield code="a">Access restricted to a few sample pages.</subfield>
        <subfield code="f">Preview only</subfield>
        <subfield code="2">star</subfield>
    </datafield>
    <datafield tag="542" ind1="1" ind2=" ">
        <subfield code="l">In copyright</subfield>
        <subfield code="u">http://rightsstatements.org/vocab/InC/1.0/</subfield>
    </datafield>
    <datafield tag="520" ind1=" " ind2=" ">
        <subfield code="a">A comentary on Dandin's Kavyadarsha by the fourth Khamtrul Tenzin Chokyi Nyima (1730-1780).</subfield>
    </datafield>
    <datafield tag="533" ind1=" " ind2=" ">
        <subfield code="a">Electronic reproduction.</subfield>
        <subfield code="b">Cambridge, Mass. :</subfield>
        <subfield code="c">Buddhist Digital Resource Center.</subfield>
    </datafield>
    <datafield tag="546" ind1=" " ind2=" ">
        <subfield code="a">In Tibetan</subfield>
    </datafield>
    <datafield tag="653" ind1=" " ind2=" ">
        <subfield code="a">snyan ngag/</subfield>
    </datafield>
    <datafield tag="720" ind1="1" ind2=" ">
        <subfield code="a">bstan 'dzin chos kyi nyi ma//  khams sprul bstan 'dzin chos kyi nyi ma/, 1730-1779/1780</subfield>
    </datafield>
    <datafield tag="856" ind1="4" ind2="0">
        <subfield code="u">http://www.tbrc.org/link?RID=W3CN21529</subfield>
        <subfield code="z">Available from TBRC</subfield>
    </datafield>
    <datafield tag="955" ind1=" " ind2=" ">
        <subfield code="a">W3CN21529-I3CN21779</subfield>
        <subfield code="c">v.1</subfield>
    </datafield>
</record>
